@inbook{reservoir-review,
  doi = "https://doi.org/10.1016/B978-0-323-99235-0.00010-5",
  author = "Matthew Balhoff",
  title = "Review of reservoir rock and fluid properties",
  chapter = "1",
  publisher = "Elsevier",
  year = "2022",
  volume = 75,
  maintitle = "Developments in Petroleum Science"
}
